2190 3622
124 156 194 230 ¹04
283 114 421 211 *Da
472 135 778 213 Numinis

117 281 273 358 Familia
308 285 349 356 ab
376 279 487 355 altera
523 279 832 381 distingueretur:
873 286 992 367 nihilo

118 404 239 459 tamen
260 383 366 456 l'eeius
387 385 579 476 cognomina
608 406 701 454 nunc
730 381 883 474 usitata,
917 387 992 490 poll

116 509 223 558 anum
252 485 422 552 duntaxat
442 507 461 552 a
482 480 627 554 Christo
655 505 741 556 nato
761 481 990 562 millefimum

87 622 89 626 -
116 605 230 680 eoepra
256 575 335 652 lunt
365 580 549 678 usurpari.
588 585 676 672 lta,
704 582 854 682 inquit,
892 587 993 660 &de

116 732 139 771 ,‚
160 679 338 774 gentilitiis
364 679 545 777 insignibus
562 678 750 756 dicendum
772 709 871 757 reor.
903 688 992 762 Haec

114 833 139 868 ‚‚
166 780 291 870 enim,
328 781 492 882 quamvis
521 779 611 880 apud
641 805 778 855 veteres
806 783 991 877 Latinos,

115 930 139 968 „
167 879 202 950 δι
221 885 367 956 Graecos
387 909 458 957 non
477 883 569 962 levia
589 882 733 957 illorum
758 883 907 986 vestigia
929 912 988 961 oc-

114 1030 140 1070 „
165 1006 335 1072 currant,
361 982 421 1056 ubi
452 1005 595 1070 tamen,
622 984 741 1080 qualia
769 1011 862 1057 nunc
881 982 987 1076 sunt,

114 1133 137 1171 ‚‚
164 1080 460 1177 considerentur,
495 1079 579 1156 idest
615 1106 715 1155 certo
751 1086 916 1156 colorum
947 1112 987 1160 ac

114 1230 138 1269 ,‚
168 1206 336 1277 typorum
366 1182 465 1280 figno
491 1204 638 1269 ornata,
666 1207 775 1281 eaque
804 1183 988 1260 heredita·

114 1329 138 1365 „
167 1282 239 1366 ria,
267 1281 353 1351 &in
372 1281 512 1377 lapillis,
541 1281 715 1370 nummis,
744 1282 904 1371 vexillis,
937 1285 991 1383 pi·

111 1425 137 1464 ‚,
161 1375 293 1471 flurie,
321 1379 466 1475 aliisque
494 1379 581 1450 loeis
609 1381 651 1448 ad
672 1379 908 1450 Familiarum
933 1384 990 1458 di-

114 1522 138 1564 „
165 1471 314 1548 scrimen
338 1477 519 1562 adhibita,
548 1476 800 1546 tantummodo
829 1475 904 1569 post
933 1481 990 1548 se·

111 1623 134 1661 „
163 1573 279 1644 culum
317 1572 494 1645 decimum
524 1626 535 1661 ,
567 1570 642 1642 imo
671 1571 705 1641 &
734 1569 806 1670 post
836 1569 987 1649 undeci-

111 1724 135 1764 „
164 1699 285 1764 mum,
313 1699 352 1746 ac
373 1673 543 1773 praecipue
572 1669 647 1769 pust
675 1669 868 1772 susceptam
891 1699 910 1745 a
933 1678 986 1751 la·

91 1805 132 1863 ¹„
160 1775 248 1848 tinis
294 1774 427 1849 lucram
466 1775 734 1874 expeditionem
770 1773 808 1847 in
848 1773 985 1850 Orien·

110 1929 134 1964 ‚,
162 1871 256 1964 tem,
285 1876 405 1949 sensim
435 1875 620 1950 invaluille
647 1872 833 1946 videntur.
861 1925 885 1963 ‚,
913 1877 984 1948 Vi·

112 2001 170 2048 ros
198 1975 399 2048 eruditione
428 1977 624 2074 preliantes
652 1975 805 2046 recenset
836 1975 982 2070 plures,

112 2079 173 2168 qui
202 2075 290 2147 hanc
317 2076 529 2148 sententiam
560 2074 783 2174 probarunt:
813 2096 982 2173 interque

113 2173 284 2244 Familias
310 2176 539 2245 nobilillimas
569 2196 742 2244 memorat
770 2172 867 2241 illam
888 2178 985 2242 Tur-

112 2268 300 2354 rianorum,
329 2270 397 2338 srve
426 2274 516 2336 della
536 2275 661 2344 Turre,
690 2267 750 2361 qui
772 2266 981 2348 Mediolani

112 2367 197 2437 olim
218 2362 394 2437 dominati
412 2362 512 2456 lunt,
540 2367 571 2435 δι
601 2363 713 2435 adhuc
742 2364 777 2436 in
797 2367 981 2466 Forojulii

113 2450 281 2567 iffulgent
303 2521 313 2554 ‚
341 2490 445 2564 atque
464 2493 481 2539 a
502 2465 623 2538 seculis
642 2464 887 2560 compluribus
906 2475 980 2545 exi·

114 2569 221 2646 mium
255 2567 449 2640 nobilitatis
474 2568 590 2639 locum
620 2568 709 2661 apud
738 2567 863 2638 Gallos
891 2573 981 2645 reti·

110 2694 215 2755 nent,
243 2671 378 2739 Turrim
399 2693 461 2763 pro
481 2667 607 2767 infigni
628 2667 816 2766 eligentem
832 2720 860 2749 .,

158 2771 247 2840 Sunt
276 2769 335 2841 alii
364 2767 472 2839 ferme
502 2767 680 2838 innumeri
710 2769 799 2863 apud
819 2768 979 2870 Scripto-

113 2895 166 2941 res
193 2868 278 2940 editi
318 2893 543 2940 nummorum
580 2867 658 2964 typi
686 2865 976 2966 Episcoporum,

112 2971 147 3040 &
178 2970 382 3056 Abbatum,
409 2967 468 3062 qui
499 2965 729 3064 Papebrochii
764 2967 975 3064 opinionem

118 3073 349 3142 convellunt.
378 3066 591 3164 Tergestinae
617 3064 803 3153 Ecclesia,
830 3093 904 3166 quar
922 3077 977 3146 A·

113 3170 294 3267 quilejenfi
329 3161 621 3266 metropolitana
656 3166 816 3269 proxima
851 3167 913 3339 pstf
934 3196 976 3246 ac

871 3293 889 3338 u
909 3310 923 3326 .
