2190 3622
107 169 159 263 ἴῳ,
239 206 243 215 ·
312 167 403 240 De
453 161 772 255 Numnnts

117 328 196 377 rum
215 295 386 378 Ludovici
416 299 448 367 ἃ
477 296 686 395 Marquprdi
705 299 973 393 Caneessarios‚

118 405 284 480 admonet
297 397 488 469 petronus.
518 398 687 494 Quinque
711 400 838 471 Marcie
857 404 976 475 conti·

88 525 202 577 nent
230 495 390 566 denarios
421 504 499 565 800.
531 496 667 567 Divide
695 521 755 593 per
774 508 828 589 63.
853 509 977 597 (quot

117 592 409 766 ”rsssssss‘
435 592 628 764 prqpbq
642 597 813 767 quun
825 599 979 771 ‘'ss‘'

116 722 222 869 iuteo
241 718 580 885 Ducuto’Vetieth
607 722 718 888 virgi
739 722 914 868 {insidiis
930 722 979 884 :ei

113 916 246 993 quotus
267 893 314 967 est
339 922 390 967 12.
410 919 448 967 uc
468 890 646 989 supersunt
666 919 721 980 44.
744 897 872 993 Itaque
885 898 980 969 Mat·

116 1016 157 1068 ca
179 998 226 1066 ad
248 998 340 1089 usum
357 994 468 1064 Curiae
488 992 673 1071 excedebat
701 990 892 1069 duodecim
911 1001 981 1071 Au·

118 1118 197 1167 reos
214 1096 403 1175 Ducentos,
707 1156 710 1163 .

171 1196 263 1263 Rem
283 1192 496 1265 confirmant
510 1188 653 1263 Tebusae
670 1188 876 1289 sequentes,
898 1218 985 1292 quas

117 1291 227 1363 debeo
245 1294 298 1373 Jo.
313 1288 463 1383 josepho
483 1290 627 1361 Liruto.
656 1296 679 1332 “
700 1296 809 1365 Anno
829 1291 986 1365 Domini

120 1441 145 1482 „
173 1389 554 1473 MCCCLXXXXtV.
568 1384 764 1457 indistione
774 1392 823 1459 11.
835 1388 988 1461 dieSab·

119 1543 144 1581 ‚,
172 1485 243 1559 bati
260 1489 359 1559 XIX.
379 1485 510 1559 Mensis
530 1481 758 1553 Decembris.
787 1485 926 1555 Assum
948 1487 989 1558 in

120 1638 144 1678 „
172 1582 335 1655 Ciuitate
362 1583 509 1656 Austriae
539 1578 747 1681 Aquisegen.
782 1578 988 1675 Diotefis,

121 1739 147 1780 „
172 1683 271 1783 super
286 1686 409 1757 Domo
421 1681 635 1759 Communis
655 1680 690 1751 in
702 1682 832 1769 Stupa,
859 1679 895 1750 in
917 1708 988 1778 qut

120 1842 148 1881 ‚,
173 1786 272 1861 disiae
290 1788 412 1861 Tetra
431 1782 602 1861 Civitatis
620 1777 763 1862 Ausitiae
783 1781 868 1851 solet
887 1786 987 1854 Con·

121 1934 148 1973 „
177 1887 289 1956 silium
309 1888 533 1985 congregari.
564 1881 788 1955 Pr'resentibus
807 1906 853 1950 ec.
876 1878 987 1968 Quod

120 2030 147 2073 „
176 2006 240 2077 pro
270 1984 497 2079 recompensa
525 1982 612 2053 dissi
640 1981 759 2052 census
786 1982 827 2048 de
855 2003 987 2051 caetero

65 2151 72 2162 ,
120 2128 147 2167 „
174 2079 391 2167 annuatim,
428 2080 542 2177 prima
569 2077 625 2149 die
653 2077 787 2151 Mensis
814 2076 989 2171 Aprilis,

119 2216 145 2256 2,
168 2178 273 2244 XXV.
294 2181 415 2245 Durat.
436 2180 522 2245 Auri
539 2176 636 2243 disin
656 2176 809 2241 Psebnno
829 2173 991 2248 Ecclefiae

120 2313 148 2352 ,‚
171 2272 206 2335 S.
226 2270 356 2337 Marioe
377 2270 420 2333 de
440 2270 647 2348 Glemona,
683 2263 827 2362 ejusque
850 2271 992 2345 Succes-

122 2414 147 2455 ‚,
170 2358 325 2448 fotibus,
352 2359 409 2431 vel
434 2386 556 2433 eorum
576 2362 850 2435 Locumtenenti
881 2367 916 2440 in
938 2371 989 2444 di·

124 2514 149 2556 „
176 2462 232 2538 &a
252 2459 376 2551 Plebs,
405 2486 583 2560 perpetuo,
601 2459 740 2534 solvere
772 2488 984 2543 teneantur.

124 2615 149 2656 „
181 2567 237 2638 lta
263 2585 414 2653 tamen,
449 2564 546 2662 quod
571 2562 863 2663 quandocumque
891 2568 984 2641 inter

124 2716 149 2755 „
176 2663 306 2739 dieram
326 2661 475 2761 primam
494 2663 587 2736 diem
608 2664 761 2761 Aprilis,
788 2668 820 2747 ,ἃ
843 2665 983 2741 Festum

127 2818 153 2857 ‚,
179 2763 438 2860 Affunptionis
465 2765 506 2837 B.
525 2767 580 2836 Μ.
601 2762 783 2860 Virginis,
814 2765 985 2840 Plebunus

129 2915 153 2958 ‚,
181 2863 341 2935 Ecclesia
357 2869 390 2938 S.
410 2864 581 2951 Andteae,
610 2864 665 2933 vel
683 2862 895 2936 Successores
912 2865 984 2955 sui,

129 3017 153 3055 „
181 2970 234 3034 leu
254 2963 504 3037 Communitas
533 2961 706 3034 Ventioni
731 2960 919 3050 dederint,
946 2965 984 3037 &

128 3116 152 3155 „
180 3058 461 3158 confignuverint
494 3061 607 3132 eidem
645 3060 796 3135 Plebano
832 3062 982 3135 Glemo-

127 3206 152 3245 υ
178 3188 248 3256 nae,
274 3159 601 3242 velSuccessutibus
626 3159 713 3250 suis,
738 3160 980 3332 disrumpes.

848 3307 871 3348 si
913 3286 931 3329 θ
