2190 3622
122 144 231 225 ¹082
324 133 416 206 De
468 128 780 208 Nuuututs

123 298 201 349 rum
229 290 393 345 nummos
426 265 533 338 Scuta
562 266 742 364 gentilitia
770 269 918 350 diversa
943 273 977 350 di·
1010 252 1015 339 i

121 373 342 473 stinguunt·
378 363 507 438 Falciae
536 365 639 456 duae,
674 367 733 441 ltu
757 367 923 467 vipera,
955 398 979 447 ut
1012 364 1018 425 l

124 471 252 570 ajunt,
280 488 367 536 veru
393 463 600 554 transfixa,
630 465 932 563 repraesentantur
956 476 980 547 ir
1013 478 1017 555 ξ

123 578 321 647 stemmate
349 561 553 661 Cajetani.
590 564 716 639 Simile
743 567 880 664 prostat
905 571 982 669 apol
1013 564 1017 631 Ϊ

121 663 339 740 Ciaconium
367 663 403 736 in
432 661 530 736 Viris
558 668 810 742 Romanorum
843 660 1016 747 Pontius?

121 791 201 839 cum
231 765 265 838 dt
294 767 327 837 S.
348 768 393 842 R.
413 767 458 838 E.
491 767 770 858 cardinalium,
800 769 984 859 Tornoll.

121 864 293 939 editionis
329 868 502 942 Romauae
535 865 620 942 anni
653 878 754 959 1677.
780 869 841 941 ubi
879 895 985 946 tamen

120 969 228 1068 louge
259 965 435 1041 diversum
462 967 505 1039 ab
529 992 603 1056 eo,
637 969 735 1066 quod
763 973 909 1043 nummi
939 996 986 1044 oo

120 1067 182 1142 stri
210 1067 400 1156 exhibent,
426 1064 645 1162 conspicitur
671 1066 899 1165 gentilitium
926 1069 988 1161 scu·

120 1190 197 1241 tum
222 1165 385 1278 'Antonii
413 1165 455 1239 de
480 1167 779 1264 Portugruario,
814 1168 875 1244 leu
907 1173 987 1246 Pau·

119 1291 250 1338 certor.
668 1309 671 1313 ‚

166 1365 235 1434 Ill.
264 1365 325 1438 Ad
344 1364 495 1437 officinae
516 1367 732 1438 Monetariae
758 1367 836 1436 loca
851 1368 991 1463 spedlat

117 1459 292 1560 postrema
320 1461 435 1533 nollra
463 1462 744 1533 animadverfio.
782 1462 932 1565 Frisaei
959 1471 993 1543 in

116 1559 309 1633 Corinthia
330 1579 368 1628 ut
387 1557 602 1629 cuderentur
615 1553 861 1656 Aquileienses
881 1584 991 1638 num.

112 1660 194 1751 mi,
223 1656 297 1758 post
316 1661 506 1751 Popouern·
529 1654 674 1731 fortasse
702 1666 874 1731 curarunt
899 1687 988 1738 non·

112 1761 202 1836 nulli
230 1757 470 1849 Patriarchae,
499 1759 657 1833 nondum
685 1753 892 1857 Aquilejae‚
932 1764 986 1836 vel

111 1864 184 1936 alio
221 1862 257 1932 in
296 1863 377 1935 loco
407 1860 604 1935 Provinciae
640 1855 895 1954 Foroiuliensts
935 1863 985 1936 in·

110 1959 241 2035 sttudia
270 1962 480 2035 Monetaria
508 1962 678 2033 officina.
717 1957 982 2055 Conjediuram

110 2061 244 2160 ingerit
272 2089 311 2132 ea
330 2087 560 2135 nummorum
580 2060 847 2156 Fresacbenfium
867 2058 907 2133 in
927 2087 982 2134 ve·

110 2163 211 2230 tuliis
241 2161 440 2235 Provinciae
466 2162 599 2233 chartis
632 2159 855 2255 appellatio,
892 2185 981 2255 quos

109 2259 253 2330 eosdem
281 2261 433 2326 omnino
462 2283 542 2319 cum
571 2256 723 2327 denariis
744 2253 980 2349 Aquileienfi·

109 2353 173 2427 bus
191 2345 405 2422 ostendimus
426 2349 555 2442 Capite
574 2350 640 2423 IV.
660 2349 827 2449 Signatos
846 2357 980 2451 percul-
1018 2440 1021 2447 ,

110 2454 233 2553 sosque
253 2448 444 2547 aliquando
463 2449 629 2522 Venetiis
649 2449 849 2546 hujusmodi
878 2481 977 2532 num·

111 2581 227 2640 mos,
264 2551 427 2624 evincere
454 2549 623 2623 videntur
652 2552 850 2626 Alexandri
880 2558 977 2658 Papa

111 2658 179 2728 IV.
197 2654 326 2725 litterae
346 2653 387 2726 ad
407 2651 628 2750 Gregorium
648 2653 690 2725 de
710 2655 976 2757 Montelongo,

111 2752 242 2848 Capite
267 2781 294 2826 ι.
326 2780 419 2827 num.
444 2782 473 2825 2.
503 2752 708 2849 descriptae:
738 2754 864 2852 quibus
887 2759 976 2843 juris

109 2855 252 2928 cudendi
271 2879 449 2946 monetam,
475 2856 617 2946 quodad
631 2860 698 2943 Te,
726 2855 974 2952 (inquitSum·

109 2981 187 3031 mus
205 2954 403 3048 Pontifex,
429 2967 442 3047 )
466 2958 500 3025 in
522 2956 754 3025 Patriae-charo
774 2957 973 3053 Aquilegtn·

102 3058 333 3154 fipertinet‚
362 3053 578 3145 translatio,
605 3056 780 3152 usquead
806 3057 891 3129 duos
918 3085 974 3130 an·

108 3184 186 3245 nos,
214 3153 446 3252 confirmatur
457 3214 468 3250 ,
495 3154 532 3229 in
550 3158 645 3230 cloes
662 3155 854 3268 nonnullos
872 3159 971 3230 Vene-

793 3278 918 3328 etatum
