2212 3616
183 205 562 295 ‘Parntnncunnunrr
581 192 872 290 Aquinatnuu
912 199 984 299 109³

115 341 317 434 riarumpr‘o
336 355 428 406 certa
440 335 586 431 pecunie
603 339 805 432 quantitate.
834 336 891 416 Ad
911 331 983 437 prs.

114 433 384 531 mostrGregurii
404 435 618 510 Patriarchae
637 460 748 508 annos
765 436 893 513 litterae
911 438 984 538 spe·

115 539 236 624 stant,
264 537 306 607 ad
322 510 458 607 ‘annunt'
485 534 619 607 scilicet
635 534 769 608 Christi
786 556 900 629 ¹1255.
927 539 981 639 ip·

113 636 178 710 stus
201 633 376 732 Gregorii
403 634 441 706 in
469 635 687 734 Aquileienfi
716 633 899 720 Cathedra
933 638 984 711 se·

113 735 231 810 dentis
247 757 436 834 quartum.
559 809 561 817 ,

164 831 319 908 Pofitam
338 833 739 932 Aquileiaufficiuant,
764 833 883 932 ibique
901 837 985 914 cudi

113 933 335 1031 frequentius
345 935 562 1010 consuevisse
583 959 767 1020 nummos,
795 935 888 1007 ratio
908 939 987 1008 nul·

111 1034 147 1106 la
175 1031 362 1106 dubitandi
388 1032 461 1108 est.
497 1040 591 1109 Rem
618 1032 833 1134 apertiffime
859 1033 987 1108 testan-

115 1133 175 1205 tur
199 1133 345 1207 Tabula
373 1136 503 1233 Capite
522 1138 627 1210 VIII.
648 1159 797 1209 numero
819 1159 849 1205 2.
868 1161 988 1208 recen·

114 1231 215 1322 firae,
250 1257 324 1331 quae
360 1258 460 1308 uovae
499 1237 661 1308 Monetae
696 1259 845 1306 examen
873 1235 986 1335 Aqui·
1045 1239 1049 1248 '

117 1327 193 1426 lejae
209 1329 352 1406 'fabium
372 1334 679 1433 complestuntut.
707 1334 776 1406 Vel
803 1359 985 1408 ettamen

117 1429 156 1503 in
183 1429 377 1525 Ciuitate,
406 1433 463 1507 vel
489 1434 526 1508 in
544 1436 627 1510 ¹alio
655 1433 855 1517 Pruvin'ciae
880 1437 985 1524 loco,

119 1555 186 1625 pro
213 1533 365 1605 arbitrio
391 1535 703 1626 Patriarcharum,
730 1533 908 1608 collocate
933 1531 986 1604 of·

118 1627 264 1702 ficinam
301 1630 453 1701 debuisse
482 1633 747 1720 Monetarios,
777 1656 893 1704 certos
923 1658 988 1705 nos

117 1727 270 1815 reddunt
301 1724 385 1822 ipsae
412 1728 559 1800 Tabulae
587 1728 765 1815 Nicolai,
801 1729 834 1796 ἃ
872 1731 991 1802 Ludo-

117 1827 191 1900 vici
216 1824 447 1916 succefforis,
483 1852 569 1924 quas
597 1825 767 1898 hastenus
791 1851 860 1923 -pro
891 1827 991 1900 virili

116 1925 391 2000 illustravimus.
418 1926 540 1999 Verba
555 1924 656 2008 sunt:
688 1925 879 2022 Imprimis,
900 1929 991 2022 'quod

115 2025 402 2217 iiiiii?
426 2023 992 2222 tirriqr'jssif‘iberti}

386 2177 397 2216 2
736 2181 748 2217 9

114 2228 318 2318 Aquilegiae‚
346 2223 389 2294 Θ*
407 2225 514 2316 alibi,
541 2229 742 2325 ubicumque
758 2229 922 2324 placuerit
940 2227 992 2299 di·

116 2322 166 2392 80
196 2322 337 2391 Domino
363 2325 595 2414 Parriarrbae,
630 2345 789 2397 monetam
807 2328 992 2414 illiusmodi

117 2423 232 2494 bonam
250 2416 293 2488 (9¹
306 2438 428 2514 puram
446 2419 518 2492 (Vc.

183 2522 278 2593 Loca
316 2517 447 2615 fingula
483 2519 682 2611 curiofius,
716 2547 757 2594 ac
784 2521 992 2622 diligentius

121 2620 356 2720 perquirere,
394 2615 484 2692 haud
514 2645 582 2720 ego
610 2645 698 2720 puto
726 2622 879 2717 pretium
909 2645 993 2719 ope·
1024 2645 1030 2664 ¹

121 2746 167 2793 rae
193 2749 207 2790 .·
235 2743 348 2818 neque
375 2720 656 2794 conventionum
687 2720 843 2795 Tabulas
871 2720 993 2821 praesto

121 2817 262 2910 haben,
287 2844 373 2919 quas
398 2816 557 2892 adhibita
584 2817 772 2916 diligentia
801 2847 844 2894 ex
865 2818 994 2895 Archi·

121 2919 177 2993 vis
204 2943 327 2993 eruere
355 2944 429 2992 non
459 2920 548 2992 adeo
574 2918 718 2993 fortaffe
753 2921 901 2995 arduum
931 2944 994 2993 ne·

123 3017 262 3117 gotium
291 3017 434 3111 fuerit.
471 3019 666 3093 Rimentut
694 3017 801 3109 illas,
831 3024 864 3092 &
893 3017 993 3093 colli·

124 3140 210 3218 gant
236 3115 315 3190 alii.
343 3116 525 3196 Exstitiffe
543 3119 579 3194 in
598 3117 763 3193 Ciuitate
783 3119 889 3194 Utini
910 3122 995 3193 Mo·

126 3216 300 3292 netariant
329 3216 545 3312 officinam,
573 3218 689 3296 nullus
716 3219 844 3297 dubito
862 3216 997 3334 equod

837 3344 949 3396 ettam
