2190 3622
87 153 135 245 '52
217 194 220 199 -
297 146 389 221 Do
436 144 797 236 ΝυΜΜιε,

88 280 233 357 (lustum
264 279 366 353 habes
395 290 473 369 672.
501 285 605 357 Hanc
630 282 751 358 divide
771 284 952 367 summam

90 408 156 483 pet
181 390 238 467 64.
262 382 306 449 In
334 400 449 473 quoto
476 406 581 457 erunt
606 385 743 457 nummi
767 392 868 483 purvi
895 418 952 465 ιο.

94 471 335 577 &supersunt
365 501 418 569 3²·
447 475 815 581 IiaqueAquisejensis'
839 488 949 563 dena-

88 583 186 665 rint,
219 595 321 648 etate
348 576 493 650 Nitolni
522 580 557 649 δε
586 582 756 656 Ludoviri
791 587 948 659 Petrian-

87 678 233 751 eharum
259 672 379 767 cusos,
403 676 542 751 excedit
571 682 693 755 valore
720 682 947 759 sexVenetos

86 776 280 851 hodiernos
290 772 441 869 solidos,
467 805 505 852 ac
529 772 658 876 septem
680 806 752 853 non
773 806 943 883 exequat.

136 876 237 949 Hine
264 874 456 953 solidorum
483 876 683 976 hujus-odi
710 906 874 957 numeros
890 910 948 957 au-

91 978 227 1081 gendus
253 973 320 1065 est,
346 980 388 1053 nd
413 978 618 1073 aquandum
647 979 803 1053 valorem
833 984 950 1084 Aqui·

90 1076 227 1175 lejeosrs
251 1074 386 1151 denarii
412 1099 512 1151 aetate
545 1074 725 1175 superiore
750 1079 877 1179 srgnnti
904 1082 953 1155 ob

89 1178 275 1255 meliorem
304 1199 381 1249 turn
416 1174 608 1274 ponderis,
642 1200 720 1249 tum
746 1201 839 1253 notu
865 1206 952 1254 con*

89 1276 286 1349 ditionem:
316 1275 420 1373 idque
447 1274 603 1373 opposta
631 1277 726 1348 ratio
752 1279 887 1371 efficit,
911 1304 953 1353 ue

88 1372 259 1475 sequioris
285 1400 324 1447 ac
352 1372 530 1473 postremo
557 1374 669 1447 aetatis
684 1376 848 1447 denarius
867 1404 952 1476 pau·

89 1478 202 1551 tiores
229 1476 364 1547 ualeret
390 1472 519 1547 solidos
544 1471 762 1543 hodiernos.
788 1474 848 1547 Ab
874 1477 953 1548 sru-

91 1576 178 1651 dato
203 1578 255 1661 Jo.
284 1570 434 1669 Josepho
462 1568 622 1659 Linum,
647 1567 949 1666 Foroiuliensium

93 1674 349 1777 antiquitatum
360 1669 586 1771 peritissimo,
614 1668 829 1767 accepimus:
850 1671 952 1747 chat·

97 1805 153 1855 tut
177 1778 214 1851 in
243 1773 410 1858 Atthiuit
435 1799 455 1847 a
481 1770 514 1845 se
542 1767 659 1861 uisas,
684 1794 758 1869 qun
785 1774 914 1846 docent
941 1824 954 1863 ,

96 1882 284 1953 Ώυοιιιιιιι
320 1900 465 1949 aureum
502 1876 679 1945 Venerunt
714 1895 808 1943 anno
848 1878 952 1963 1380.

97 1975 299 2077 computari
325 1971 539 2046 consuevisse
566 1998 631 2068 pro
651 1996 706 2057 φο.
733 1970 884 2043 denariis
901 1981 955 2048 A·

94 2072 359 2231 puilejenfibus,
385 2070 489 2143 seculi
507 2066 753 2167 quintidecimi
772 2065 880 2143 initio
890 2094 955 2167 pto

119 2168 250 2237 enariis
275 2168 480 2254 ostoginto,
507 2172 542 2230 δι
567 2192 662 2231 anno
691 2190 791 2245 ¹4¹4·
808 2192 878 2255 pro
897 2170 958 2241 de-

92 2256 205 2323 nonii:
226 2256 341 2313 ferme
377 2249 600 2337 nonaginta.
635 2256 705 2319 Res
742 2251 794 2325 ita
818 2253 960 2339 hebere

91 2346 125 2423 se
150 2336 278 2417 debuit·
298 2336 335 2412 in
364 2336 454 2413 hisce
473 2340 750 2443 Aquilejenfibus
776 2351 953 2455 denariis,

120 2442 153 2524 ui
181 2445 215 2519 δι
244 2440 419 2544 pondere,
446 2442 481 2515 &
509 2445 664 2526 materie
687 2451 896 2534 conditione
914 2463 951 2539 in

93 2476 169 2625 dies
192 2544 385 2625 evadebant
414 2543 565 2640 pejores.

143 2647 307 2723 Venetiie
343 2644 475 2747 prodiit
508 2646 646 2725 laudata
674 2650 829 2745 Epistola
864 2664 950 2735 delle

94 2752 267 2831 Mareade,
297 2772 390 2823 anno
428 2752 529 2835 1698·
563 2750 654 2847 opud
682 2751 948 2847 Hieronymum

96 2850 327 2933 Albtiziumt
352 2870 424 2946 quo
452 2866 609 2943 tempore
636 2874 797 2924 nummus
823 2883 949 2935 oureus

99 2958 285 3035 Venetus,
312 2950 420 3047 vulgo
445 2948 633 3040 Zenobiae,
657 2948 692 3021 in
721 2947 801 3023 soro
820 2959 949 3053 pende-

98 3052 159 3128 bat
193 3048 294 3125 libras
329 3051 447 3121 decem
483 3044 517 3115 dt
553 3045 681 3146 septem
716 3046 947 3149 solidorum,

99 3144 156 3219 seu
181 3144 310 3229 solidos
336 3168 414 3235 340.
440 3141 536 3223 Hinc
563 3146 723 3224 instituto
750 3158 825 3261 (ut.
846 3150 949 3252 supe.

755 3260 762 3275 “’
797 3264 897 3345 ntus)
