<?xml version="1.0" encoding="UTF-8"?>
<!DOCTYPE html PUBLIC "-//W3C//DTD XHTML 1.0 Transitional//EN"
    "http://www.w3.org/TR/xhtml1/DTD/xhtml1-transitional.dtd">
<html xmlns="http://www.w3.org/1999/xhtml" xml:lang="en" lang="en">
 <head>
  <title>
</title>
<meta http-equiv="Content-Type" content="text/html;charset=utf-8" />
  <meta name='ocr-system' content='tesseract 3.04.00' />
  <meta name='ocr-capabilities' content='ocr_page ocr_carea ocr_par ocr_line ocrx_word'/>
</head>
<body>
  <div class='ocr_page' id='page_1' title='image "./denummispatriar00rubegoog_0036.png"; bbox 0 0 2190 3622; ppageno 0'>
   <div class='ocr_carea' id='block_1_1' title="bbox 145 136 914 251">
    <p class='ocr_par' dir='ltr' id='par_1_1' title="bbox 145 136 914 251">
     <span class='ocr_line' id='line_1_1' title="bbox 145 136 914 251; baseline -0.001 -21"><span class='ocrx_word' id='word_1_1' title='bbox 145 136 814 238; x_wconf 57' lang='lat' dir='ltr'>Psantancnnnumdomuimus.</span> <span class='ocrx_word' id='word_1_2' title='bbox 872 183 914 251; x_wconf 81' lang='lat'>13</span> 
     </span>
    </p>
   </div>
   <div class='ocr_carea' id='block_1_2' title="bbox 41 287 911 883">
    <p class='ocr_par' dir='ltr' id='par_1_2' title="bbox 41 287 911 883">
     <span class='ocr_line' id='line_1_2' title="bbox 41 287 905 388; baseline -0.002 -24"><span class='ocrx_word' id='word_1_3' title='bbox 41 291 206 386; x_wconf 72' lang='lat' dir='ltr'>triarchas</span> <span class='ocrx_word' id='word_1_4' title='bbox 235 287 467 388; x_wconf 75' lang='lat' dir='ltr'>percutienda</span> <span class='ocrx_word' id='word_1_5' title='bbox 497 311 645 358; x_wconf 84' lang='lat' dir='ltr'>monetae</span> <span class='ocrx_word' id='word_1_6' title='bbox 673 287 905 367; x_wconf 68' lang='lat' dir='ltr'>facultatemc.</span> 
     </span>
     <span class='ocr_line' id='line_1_3' title="bbox 42 385 907 487; baseline -0.005 -23"><span class='ocrx_word' id='word_1_7' title='bbox 42 447 67 483; x_wconf 87' lang='lat'>‚‚</span> <span class='ocrx_word' id='word_1_8' title='bbox 96 394 282 464; x_wconf 86' lang='lat' dir='ltr'>Conradus</span> <span class='ocrx_word' id='word_1_9' title='bbox 302 390 374 461; x_wconf 90' lang='lat' dir='ltr'>Dei</span> <span class='ocrx_word' id='word_1_10' title='bbox 394 385 507 486; x_wconf 77' lang='lat' dir='ltr'>gratia</span> <span class='ocrx_word' id='word_1_11' title='bbox 525 391 772 460; x_wconf 85' lang='lat' dir='ltr'>Romanorum</span> <span class='ocrx_word' id='word_1_12' title='bbox 786 388 907 487; x_wconf 76' lang='lat' dir='ltr'>Augu·</span> 
     </span>
     <span class='ocr_line' id='line_1_4' title="bbox 42 484 907 584; baseline -0.005 -20"><span class='ocrx_word' id='word_1_13' title='bbox 42 547 66 584; x_wconf 88' lang='lat'><strong>„</strong></span> <span class='ocrx_word' id='word_1_14' title='bbox 92 491 176 564; x_wconf 85' lang='lat' dir='ltr'>llus.</span> <span class='ocrx_word' id='word_1_15' title='bbox 206 495 262 561; x_wconf 80' lang='lat' dir='ltr'>Ex</span> <span class='ocrx_word' id='word_1_16' title='bbox 281 488 476 559; x_wconf 75' lang='lat' dir='ltr'>nostrorum</span> <span class='ocrx_word' id='word_1_17' title='bbox 508 484 761 560; x_wconf 77' lang='lat' dir='ltr'>antecellorum</span> <span class='ocrx_word' id='word_1_18' title='bbox 782 488 907 560; x_wconf 77' lang='lat' dir='ltr'>consti-</span> 
     </span>
     <span class='ocr_line' id='line_1_5' title="bbox 43 585 906 682; baseline 0 -20"><span class='ocrx_word' id='word_1_19' title='bbox 43 645 67 682; x_wconf 90' lang='lat'><strong>„</strong></span> <span class='ocrx_word' id='word_1_20' title='bbox 96 610 175 662; x_wconf 86' lang='lat' dir='ltr'>tuto</span> <span class='ocrx_word' id='word_1_21' title='bbox 197 589 405 677; x_wconf 77' lang='lat' dir='ltr'>didicimus,</span> <span class='ocrx_word' id='word_1_22' title='bbox 433 585 540 658; x_wconf 83' lang='lat' dir='ltr'>nostri</span> <span class='ocrx_word' id='word_1_23' title='bbox 562 589 628 658; x_wconf 81' lang='lat' dir='ltr'>elle</span> <span class='ocrx_word' id='word_1_24' title='bbox 649 587 755 679; x_wconf 82' lang='lat' dir='ltr'>juris,</span> <span class='ocrx_word' id='word_1_25' title='bbox 784 587 906 662; x_wconf 66' lang='lat' dir='ltr'>l&#39;andlae</span> 
     </span>
     <span class='ocr_line' id='line_1_6' title="bbox 42 686 911 786; baseline -0.002 -24"><span class='ocrx_word' id='word_1_26' title='bbox 42 744 66 783; x_wconf 88' lang='lat'>‚,</span> <span class='ocrx_word' id='word_1_27' title='bbox 95 689 229 762; x_wconf 85' lang='lat' dir='ltr'>Matris</span> <span class='ocrx_word' id='word_1_28' title='bbox 248 686 406 760; x_wconf 76' lang='lat' dir='ltr'>Ecclesia</span> <span class='ocrx_word' id='word_1_29' title='bbox 436 713 488 759; x_wconf 87' lang='lat' dir='ltr'>res</span> <span class='ocrx_word' id='word_1_30' title='bbox 515 707 579 782; x_wconf 79' lang='lat' dir='ltr'>pru</span> <span class='ocrx_word' id='word_1_31' title='bbox 601 687 736 760; x_wconf 87' lang='lat' dir='ltr'>viribus</span> <span class='ocrx_word' id='word_1_32' title='bbox 753 713 911 786; x_wconf 81' lang='lat' dir='ltr'>augere,</span> 
     </span>
     <span class='ocr_line' id='line_1_7' title="bbox 42 781 910 883; baseline 0.003 -25"><span class='ocrx_word' id='word_1_33' title='bbox 42 841 67 880; x_wconf 90' lang='lat'>„</span> <span class='ocrx_word' id='word_1_34' title='bbox 95 791 130 858; x_wconf 74' lang='grc' dir='ltr'>ὅ(</span> <span class='ocrx_word' id='word_1_35' title='bbox 158 781 275 858; x_wconf 71' lang='lat' dir='ltr'>auflas</span> <span class='ocrx_word' id='word_1_36' title='bbox 305 784 520 881; x_wconf 83' lang='lat' dir='ltr'>pacificate.</span> <span class='ocrx_word' id='word_1_37' title='bbox 549 788 780 883; x_wconf 77' lang='lat' dir='ltr'>Quapropter</span> <span class='ocrx_word' id='word_1_38' title='bbox 809 788 910 861; x_wconf 85' lang='lat' dir='ltr'>volu·</span> 
     </span>
    </p>
   </div>
   <div class='ocr_carea' id='block_1_3' title="bbox 42 883 927 3161">
    <p class='ocr_par' dir='ltr' id='par_1_3' title="bbox 42 883 927 3161">
     <span class='ocr_line' id='line_1_8' title="bbox 43 883 911 980; baseline 0.003 -25"><span class='ocrx_word' id='word_1_39' title='bbox 43 941 69 980; x_wconf 89' lang='lat'>„</span> <span class='ocrx_word' id='word_1_40' title='bbox 98 887 224 955; x_wconf 88' lang='lat' dir='ltr'>mus&amp;</span> <span class='ocrx_word' id='word_1_41' title='bbox 251 907 443 978; x_wconf 86' lang='lat' dir='ltr'>optamus,</span> <span class='ocrx_word' id='word_1_42' title='bbox 481 903 519 952; x_wconf 93' lang='lat' dir='ltr'>ut</span> <span class='ocrx_word' id='word_1_43' title='bbox 541 904 666 952; x_wconf 85' lang='lat' dir='ltr'>notum</span> <span class='ocrx_word' id='word_1_44' title='bbox 686 883 726 954; x_wconf 81' lang='lat' dir='ltr'>fit</span> <span class='ocrx_word' id='word_1_45' title='bbox 745 888 911 958; x_wconf 86' lang='lat' dir='ltr'>omnibus</span> 
     </span>
     <span class='ocr_line' id='line_1_9' title="bbox 42 979 910 1080; baseline 0.001 -24"><span class='ocrx_word' id='word_1_46' title='bbox 42 1039 68 1079; x_wconf 83' lang='lat'>‚,</span> <span class='ocrx_word' id='word_1_47' title='bbox 97 981 231 1056; x_wconf 64' lang='lat' dir='ltr'>Sandlae</span> <span class='ocrx_word' id='word_1_48' title='bbox 254 983 327 1053; x_wconf 88' lang='lat' dir='ltr'>Dei</span> <span class='ocrx_word' id='word_1_49' title='bbox 356 979 512 1057; x_wconf 79' lang='lat' dir='ltr'>Ecclefiae</span> <span class='ocrx_word' id='word_1_50' title='bbox 538 981 695 1080; x_wconf 77' lang='lat' dir='ltr'>utrisque</span> <span class='ocrx_word' id='word_1_51' title='bbox 723 979 910 1057; x_wconf 78' lang='lat' dir='ltr'>fidelibus:</span> 
     </span>
     <span class='ocr_line' id='line_1_10' title="bbox 42 1078 913 1182; baseline 0.001 -27"><span class='ocrx_word' id='word_1_52' title='bbox 42 1138 68 1178; x_wconf 84' lang='lat'>‚,</span> <span class='ocrx_word' id='word_1_53' title='bbox 96 1082 278 1182; x_wconf 89' lang='lat' dir='ltr'>quomodo</span> <span class='ocrx_word' id='word_1_54' title='bbox 304 1108 384 1171; x_wconf 88' lang='lat' dir='ltr'>nos,</span> <span class='ocrx_word' id='word_1_55' title='bbox 414 1080 618 1153; x_wconf 81' lang='lat' dir='ltr'>interventu</span> <span class='ocrx_word' id='word_1_56' title='bbox 639 1078 761 1152; x_wconf 77' lang='lat' dir='ltr'>nostra</span> <span class='ocrx_word' id='word_1_57' title='bbox 779 1081 913 1156; x_wconf 69' lang='lat' dir='ltr'>dileelae</span> 
     </span>
     <span class='ocr_line' id='line_1_11' title="bbox 42 1180 913 1280; baseline 0.001 -27"><span class='ocrx_word' id='word_1_58' title='bbox 42 1239 67 1277; x_wconf 86' lang='lat'><strong>„</strong></span> <span class='ocrx_word' id='word_1_59' title='bbox 93 1183 219 1280; x_wconf 84' lang='lat' dir='ltr'>jugalis</span> <span class='ocrx_word' id='word_1_60' title='bbox 238 1182 374 1270; x_wconf 66' lang='lat' dir='ltr'>Gisia,</span> <span class='ocrx_word' id='word_1_61' title='bbox 402 1182 437 1252; x_wconf 74' lang='grc' dir='ltr'>δε</span> <span class='ocrx_word' id='word_1_62' title='bbox 456 1180 607 1254; x_wconf 81' lang='lat' dir='ltr'>Henrici</span> <span class='ocrx_word' id='word_1_63' title='bbox 625 1180 735 1279; x_wconf 83' lang='lat' dir='ltr'>Regis</span> <span class='ocrx_word' id='word_1_64' title='bbox 760 1181 913 1256; x_wconf 62' lang='lat' dir='ltr'>dileetis-</span> 
     </span>
     <span class='ocr_line' id='line_1_12' title="bbox 46 1280 915 1374; baseline 0.003 -22"><span class='ocrx_word' id='word_1_65' title='bbox 46 1335 72 1374; x_wconf 84' lang='lat'>,‚</span> <span class='ocrx_word' id='word_1_66' title='bbox 99 1282 174 1353; x_wconf 87' lang='lat' dir='ltr'>fimi</span> <span class='ocrx_word' id='word_1_67' title='bbox 195 1281 301 1352; x_wconf 78' lang='lat' dir='ltr'>nostri</span> <span class='ocrx_word' id='word_1_68' title='bbox 321 1280 407 1372; x_wconf 84' lang='lat' dir='ltr'>filii,</span> <span class='ocrx_word' id='word_1_69' title='bbox 437 1307 572 1354; x_wconf 85' lang='lat' dir='ltr'>necnon</span> <span class='ocrx_word' id='word_1_70' title='bbox 592 1281 915 1355; x_wconf 84' lang='lat' dir='ltr'>&amp;ArabonisMo-</span> 
     </span>
     <span class='ocr_line' id='line_1_13' title="bbox 47 1381 914 1483; baseline 0.001 -29"><span class='ocrx_word' id='word_1_71' title='bbox 47 1434 72 1473; x_wconf 89' lang='lat'>‚,</span> <span class='ocrx_word' id='word_1_72' title='bbox 98 1381 587 1483; x_wconf 83' lang='lat' dir='ltr'>guntienstsAtchiepiscopi,</span> <span class='ocrx_word' id='word_1_73' title='bbox 616 1381 789 1460; x_wconf 65' lang='lat' dir='ltr'>&amp;dilefili</span> <span class='ocrx_word' id='word_1_74' title='bbox 804 1381 914 1457; x_wconf 82' lang='lat' dir='ltr'>nostri</span> 
     </span>
     <span class='ocr_line' id='line_1_14' title="bbox 48 1480 915 1581; baseline 0.002 -27"><span class='ocrx_word' id='word_1_75' title='bbox 48 1535 74 1574; x_wconf 88' lang='lat'>„</span> <span class='ocrx_word' id='word_1_76' title='bbox 101 1483 278 1554; x_wconf 90' lang='lat' dir='ltr'>Brunonis</span> <span class='ocrx_word' id='word_1_77' title='bbox 307 1484 446 1579; x_wconf 83' lang='lat' dir='ltr'>nepotis</span> <span class='ocrx_word' id='word_1_78' title='bbox 464 1480 702 1572; x_wconf 80' lang='lat' dir='ltr'>cancellarii,</span> <span class='ocrx_word' id='word_1_79' title='bbox 730 1506 837 1581; x_wconf 88' lang='lat' dir='ltr'>atque</span> <span class='ocrx_word' id='word_1_80' title='bbox 862 1488 915 1556; x_wconf 88' lang='lat' dir='ltr'>A·</span> 
     </span>
     <span class='ocr_line' id='line_1_15' title="bbox 49 1583 916 1679; baseline 0 -25"><span class='ocrx_word' id='word_1_81' title='bbox 49 1635 74 1672; x_wconf 92' lang='lat'><strong>„</strong></span> <span class='ocrx_word' id='word_1_82' title='bbox 101 1583 300 1654; x_wconf 88' lang='lat' dir='ltr'>dalberonis</span> <span class='ocrx_word' id='word_1_83' title='bbox 329 1585 473 1671; x_wconf 84' lang='lat' dir='ltr'>Ducis,</span> <span class='ocrx_word' id='word_1_84' title='bbox 501 1585 693 1672; x_wconf 87' lang='lat' dir='ltr'>donamus,</span> <span class='ocrx_word' id='word_1_85' title='bbox 722 1607 828 1679; x_wconf 86' lang='lat' dir='ltr'>atque</span> <span class='ocrx_word' id='word_1_86' title='bbox 853 1605 916 1654; x_wconf 84' lang='lat' dir='ltr'>no·</span> 
     </span>
     <span class='ocr_line' id='line_1_16' title="bbox 49 1677 917 1775; baseline 0.006 -28"><span class='ocrx_word' id='word_1_87' title='bbox 49 1730 76 1771; x_wconf 85' lang='lat'>‚‚</span> <span class='ocrx_word' id='word_1_88' title='bbox 102 1677 169 1751; x_wconf 85' lang='lat' dir='ltr'>stra</span> <span class='ocrx_word' id='word_1_89' title='bbox 189 1681 363 1775; x_wconf 87' lang='lat' dir='ltr'>imperiali</span> <span class='ocrx_word' id='word_1_90' title='bbox 377 1681 547 1774; x_wconf 83' lang='lat' dir='ltr'>potestate</span> <span class='ocrx_word' id='word_1_91' title='bbox 561 1683 809 1766; x_wconf 81' lang='lat' dir='ltr'>concedimus,</span> <span class='ocrx_word' id='word_1_92' title='bbox 837 1707 917 1775; x_wconf 86' lang='lat' dir='ltr'>pto-</span> 
     </span>
     <span class='ocr_line' id='line_1_17' title="bbox 49 1773 913 1870; baseline 0.002 -26"><span class='ocrx_word' id='word_1_93' title='bbox 49 1829 76 1870; x_wconf 85' lang='lat'>„</span> <span class='ocrx_word' id='word_1_94' title='bbox 102 1796 141 1847; x_wconf 91' lang='lat' dir='ltr'>ut</span> <span class='ocrx_word' id='word_1_95' title='bbox 173 1773 259 1867; x_wconf 85' lang='lat' dir='ltr'>juste</span> <span class='ocrx_word' id='word_1_96' title='bbox 285 1778 319 1843; x_wconf 75' lang='grc' dir='ltr'>ἀ</span> <span class='ocrx_word' id='word_1_97' title='bbox 347 1775 510 1870; x_wconf 82' lang='lat' dir='ltr'>legaliter</span> <span class='ocrx_word' id='word_1_98' title='bbox 531 1776 738 1870; x_wconf 66' lang='lat' dir='ltr'>postumus,</span> <span class='ocrx_word' id='word_1_99' title='bbox 776 1777 913 1850; x_wconf 70' lang='lat' dir='ltr'>Saostae</span> 
     </span>
     <span class='ocr_line' id='line_1_18' title="bbox 50 1856 921 1972; baseline -0.002 -25"><span class='ocrx_word' id='word_1_100' title='bbox 50 1931 78 1971; x_wconf 80' lang='lat'>,‚</span> <span class='ocrx_word' id='word_1_101' title='bbox 105 1869 332 1972; x_wconf 81' lang='lat' dir='ltr'>Aquilegenst</span> <span class='ocrx_word' id='word_1_102' title='bbox 351 1869 533 1957; x_wconf 78' lang='lat' dir='ltr'>Ecclesia,</span> <span class='ocrx_word' id='word_1_103' title='bbox 562 1856 921 1964; x_wconf 76' lang='lat' dir='ltr'>&amp;PoponiPatriar-</span> 
     </span>
     <span class='ocr_line' id='line_1_19' title="bbox 51 1968 920 2069; baseline -0.001 -22"><span class='ocrx_word' id='word_1_104' title='bbox 51 2029 77 2069; x_wconf 82' lang='lat'>‚,</span> <span class='ocrx_word' id='word_1_105' title='bbox 104 1973 196 2061; x_wconf 78' lang='lat' dir='ltr'>cha,</span> <span class='ocrx_word' id='word_1_106' title='bbox 223 1971 284 2069; x_wconf 91' lang='lat' dir='ltr'>qui</span> <span class='ocrx_word' id='word_1_107' title='bbox 302 1970 434 2044; x_wconf 88' lang='lat' dir='ltr'>ibidem</span> <span class='ocrx_word' id='word_1_108' title='bbox 458 1968 623 2042; x_wconf 91' lang='lat' dir='ltr'>Domino</span> <span class='ocrx_word' id='word_1_109' title='bbox 645 1971 789 2042; x_wconf 86' lang='lat' dir='ltr'>videtur</span> <span class='ocrx_word' id='word_1_110' title='bbox 808 1971 920 2046; x_wconf 83' lang='lat' dir='ltr'>deset-</span> 
     </span>
     <span class='ocr_line' id='line_1_20' title="bbox 51 2069 921 2169; baseline 0 -24"><span class='ocrx_word' id='word_1_111' title='bbox 51 2129 77 2169; x_wconf 91' lang='lat'>„</span> <span class='ocrx_word' id='word_1_112' title='bbox 96 2075 202 2159; x_wconf 78' lang='lat' dir='ltr'>uite,</span> <span class='ocrx_word' id='word_1_113' title='bbox 230 2073 411 2144; x_wconf 84' lang='lat' dir='ltr'>licentiam</span> <span class='ocrx_word' id='word_1_114' title='bbox 443 2072 634 2142; x_wconf 80' lang='lat' dir='ltr'>Monetam</span> <span class='ocrx_word' id='word_1_115' title='bbox 662 2069 839 2169; x_wconf 86' lang='lat' dir='ltr'>publicam</span> <span class='ocrx_word' id='word_1_116' title='bbox 866 2075 921 2145; x_wconf 90' lang='lat' dir='ltr'>in·-</span> 
     </span>
     <span class='ocr_line' id='line_1_21' title="bbox 53 2166 919 2273; baseline 0.002 -29"><span class='ocrx_word' id='word_1_117' title='bbox 53 2229 80 2273; x_wconf 79' lang='lat'>‚‚</span> <span class='ocrx_word' id='word_1_118' title='bbox 105 2172 157 2245; x_wconf 87' lang='lat' dir='ltr'>fra</span> <span class='ocrx_word' id='word_1_119' title='bbox 177 2168 377 2244; x_wconf 84' lang='lat' dir='ltr'>Civitatem</span> <span class='ocrx_word' id='word_1_120' title='bbox 400 2166 577 2267; x_wconf 82' lang='lat' dir='ltr'>Aquilejae</span> <span class='ocrx_word' id='word_1_121' title='bbox 593 2168 773 2242; x_wconf 84' lang='lat' dir='ltr'>faciendi.</span> <span class='ocrx_word' id='word_1_122' title='bbox 801 2171 919 2271; x_wconf 84' lang='lat' dir='ltr'>Igitur</span> 
     </span>
     <span class='ocr_line' id='line_1_22' title="bbox 52 2271 923 2371; baseline 0 -24"><span class='ocrx_word' id='word_1_123' title='bbox 52 2329 78 2367; x_wconf 86' lang='lat'>‚,</span> <span class='ocrx_word' id='word_1_124' title='bbox 106 2272 267 2347; x_wconf 86' lang='lat' dir='ltr'>denarios</span> <span class='ocrx_word' id='word_1_125' title='bbox 294 2271 396 2369; x_wconf 81' lang='lat' dir='ltr'>ipfius</span> <span class='ocrx_word' id='word_1_126' title='bbox 413 2271 575 2341; x_wconf 77' lang='lat' dir='ltr'>Moneta</span> <span class='ocrx_word' id='word_1_127' title='bbox 601 2295 643 2342; x_wconf 91' lang='lat' dir='ltr'>ex</span> <span class='ocrx_word' id='word_1_128' title='bbox 665 2296 753 2368; x_wconf 89' lang='lat' dir='ltr'>puro</span> <span class='ocrx_word' id='word_1_129' title='bbox 772 2296 923 2371; x_wconf 84' lang='lat' dir='ltr'>argento</span> 
     </span>
     <span class='ocr_line' id='line_1_23' title="bbox 56 2366 924 2467; baseline 0.006 -27"><span class='ocrx_word' id='word_1_130' title='bbox 56 2425 82 2467; x_wconf 86' lang='lat'>‚,</span> <span class='ocrx_word' id='word_1_131' title='bbox 110 2369 264 2440; x_wconf 82' lang='lat' dir='ltr'>firmiter</span> <span class='ocrx_word' id='word_1_132' title='bbox 280 2366 499 2466; x_wconf 78' lang='lat' dir='ltr'>praecipimus</span> <span class='ocrx_word' id='word_1_133' title='bbox 525 2368 632 2457; x_wconf 87' lang='lat' dir='ltr'>fieri,</span> <span class='ocrx_word' id='word_1_134' title='bbox 658 2372 692 2440; x_wconf 77' lang='lat'>8&lt;</span> <span class='ocrx_word' id='word_1_135' title='bbox 713 2373 924 2444; x_wconf 84' lang='lat' dir='ltr'>Veronenlis</span> 
     </span>
     <span class='ocr_line' id='line_1_24' title="bbox 58 2465 923 2565; baseline -0.001 -25"><span class='ocrx_word' id='word_1_136' title='bbox 58 2526 85 2565; x_wconf 82' lang='lat'>‚,</span> <span class='ocrx_word' id='word_1_137' title='bbox 112 2488 261 2540; x_wconf 85' lang='lat' dir='ltr'>monetae</span> <span class='ocrx_word' id='word_1_138' title='bbox 279 2466 430 2540; x_wconf 85' lang='lat' dir='ltr'>denariis</span> <span class='ocrx_word' id='word_1_139' title='bbox 450 2465 681 2564; x_wconf 71' lang='lat' dir='ltr'>aequiparati,</span> <span class='ocrx_word' id='word_1_140' title='bbox 707 2469 771 2538; x_wconf 75' lang='lat' dir='ltr'>nisi</span> <span class='ocrx_word' id='word_1_141' title='bbox 789 2491 923 2565; x_wconf 77' lang='lat' dir='ltr'>praeno-</span> 
     </span>
     <span class='ocr_line' id='line_1_25' title="bbox 60 2563 923 2666; baseline -0.001 -26"><span class='ocrx_word' id='word_1_142' title='bbox 60 2625 86 2666; x_wconf 81' lang='lat'><strong>„</strong></span> <span class='ocrx_word' id='word_1_143' title='bbox 114 2566 268 2640; x_wconf 87' lang='lat' dir='ltr'>minatus</span> <span class='ocrx_word' id='word_1_144' title='bbox 286 2563 490 2638; x_wconf 87' lang='lat' dir='ltr'>Patriarcha</span> <span class='ocrx_word' id='word_1_145' title='bbox 514 2563 570 2638; x_wconf 84' lang='lat' dir='ltr'>lua</span> <span class='ocrx_word' id='word_1_146' title='bbox 588 2565 779 2664; x_wconf 83' lang='lat' dir='ltr'>spontanea</span> <span class='ocrx_word' id='word_1_147' title='bbox 796 2567 923 2639; x_wconf 82' lang='lat' dir='ltr'>volun·</span> 
     </span>
     <span class='ocr_line' id='line_1_26' title="bbox 62 2665 925 2762; baseline -0.001 -21"><span class='ocrx_word' id='word_1_148' title='bbox 62 2723 88 2762; x_wconf 87' lang='lat'>„</span> <span class='ocrx_word' id='word_1_149' title='bbox 115 2690 188 2741; x_wconf 83' lang='lat' dir='ltr'>tate</span> <span class='ocrx_word' id='word_1_150' title='bbox 206 2665 294 2739; x_wconf 84' lang='lat' dir='ltr'>velit</span> <span class='ocrx_word' id='word_1_151' title='bbox 314 2665 525 2738; x_wconf 84' lang='lat' dir='ltr'>meliorare.</span> <span class='ocrx_word' id='word_1_152' title='bbox 554 2669 788 2762; x_wconf 84' lang='lat' dir='ltr'>Habeautque</span> <span class='ocrx_word' id='word_1_153' title='bbox 816 2666 925 2740; x_wconf 87' lang='lat' dir='ltr'>licen·-</span> 
     </span>
     <span class='ocr_line' id='line_1_27' title="bbox 65 2764 924 2864; baseline -0.002 -24"><span class='ocrx_word' id='word_1_154' title='bbox 65 2821 89 2861; x_wconf 84' lang='lat'>‚,</span> <span class='ocrx_word' id='word_1_155' title='bbox 116 2769 203 2840; x_wconf 86' lang='lat' dir='ltr'>tiam</span> <span class='ocrx_word' id='word_1_156' title='bbox 227 2789 349 2838; x_wconf 87' lang='lat' dir='ltr'>omnes</span> <span class='ocrx_word' id='word_1_157' title='bbox 376 2766 493 2864; x_wconf 81' lang='lat' dir='ltr'>Regni</span> <span class='ocrx_word' id='word_1_158' title='bbox 517 2764 626 2839; x_wconf 88' lang='lat' dir='ltr'>nostri</span> <span class='ocrx_word' id='word_1_159' title='bbox 653 2765 924 2862; x_wconf 81' lang='lat' dir='ltr'>negotiatores,</span> 
     </span>
     <span class='ocr_line' id='line_1_28' title="bbox 67 2862 927 2967; baseline -0.001 -31"><span class='ocrx_word' id='word_1_160' title='bbox 67 2923 92 2967; x_wconf 76' lang='lat'><strong>„</strong></span> <span class='ocrx_word' id='word_1_161' title='bbox 119 2865 156 2937; x_wconf 87' lang='lat' dir='ltr'>in</span> <span class='ocrx_word' id='word_1_162' title='bbox 176 2865 332 2965; x_wconf 87' lang='lat' dir='ltr'>qualibet</span> <span class='ocrx_word' id='word_1_163' title='bbox 360 2864 477 2938; x_wconf 89' lang='lat' dir='ltr'>venali</span> <span class='ocrx_word' id='word_1_164' title='bbox 505 2891 620 2940; x_wconf 79' lang='lat' dir='ltr'>metue</span> <span class='ocrx_word' id='word_1_165' title='bbox 647 2862 738 2963; x_wconf 81' lang='lat' dir='ltr'>ipsos</span> <span class='ocrx_word' id='word_1_166' title='bbox 764 2866 927 2941; x_wconf 87' lang='lat' dir='ltr'>denarios</span> 
     </span>
     <span class='ocr_line' id='line_1_29' title="bbox 66 2960 926 3064; baseline -0.006 -26"><span class='ocrx_word' id='word_1_167' title='bbox 66 3022 91 3062; x_wconf 83' lang='lat'>‚‚</span> <span class='ocrx_word' id='word_1_168' title='bbox 118 2967 297 3063; x_wconf 83' lang='lat' dir='ltr'>accipere,</span> <span class='ocrx_word' id='word_1_169' title='bbox 324 2962 347 3037; x_wconf 79' lang='lat' dir='ltr'>sl</span> <span class='ocrx_word' id='word_1_170' title='bbox 364 2988 480 3039; x_wconf 85' lang='lat' dir='ltr'>tamen</span> <span class='ocrx_word' id='word_1_171' title='bbox 498 2966 631 3040; x_wconf 83' lang='lat' dir='ltr'>fuerint</span> <span class='ocrx_word' id='word_1_172' title='bbox 651 2964 820 3064; x_wconf 78' lang='lat' dir='ltr'>simplices</span> <span class='ocrx_word' id='word_1_173' title='bbox 836 2960 926 3036; x_wconf 81' lang='lat' dir='ltr'>falfi-</span> 
     </span>
     <span class='ocr_line' id='line_1_30' title="bbox 70 3063 925 3161; baseline -0.002 -23"><span class='ocrx_word' id='word_1_174' title='bbox 70 3120 94 3161; x_wconf 88' lang='lat'>„</span> <span class='ocrx_word' id='word_1_175' title='bbox 120 3086 222 3138; x_wconf 85' lang='lat' dir='ltr'>tate.</span> <span class='ocrx_word' id='word_1_176' title='bbox 256 3066 365 3160; x_wconf 82' lang='lat' dir='ltr'>Quod</span> <span class='ocrx_word' id='word_1_177' title='bbox 394 3088 432 3137; x_wconf 89' lang='lat' dir='ltr'>ut</span> <span class='ocrx_word' id='word_1_178' title='bbox 459 3064 576 3138; x_wconf 80' lang='lat' dir='ltr'>verius</span> <span class='ocrx_word' id='word_1_179' title='bbox 603 3067 793 3154; x_wconf 81' lang='lat' dir='ltr'>credatur,</span> <span class='ocrx_word' id='word_1_180' title='bbox 819 3067 854 3134; x_wconf 74' lang='grc' dir='ltr'>δε</span> <span class='ocrx_word' id='word_1_181' title='bbox 882 3063 925 3136; x_wconf 88' lang='lat' dir='ltr'>ab</span> 
     </span>
    </p>
   </div>
   <div class='ocr_carea' id='block_1_4' title="bbox 72 3162 927 3338">
    <p class='ocr_par' dir='ltr' id='par_1_4' title="bbox 72 3162 927 3338">
     <span class='ocr_line' id='line_1_31' title="bbox 72 3162 927 3338; baseline -0.004 -98"><span class='ocrx_word' id='word_1_182' title='bbox 72 3216 95 3261; x_wconf 85' lang='lat'>,‚</span> <span class='ocrx_word' id='word_1_183' title='bbox 121 3162 286 3241; x_wconf 87' lang='lat' dir='ltr'>omnibus</span> <span class='ocrx_word' id='word_1_184' title='bbox 301 3165 505 3265; x_wconf 82' lang='lat' dir='ltr'>diligentius</span> <span class='ocrx_word' id='word_1_185' title='bbox 514 3163 742 3258; x_wconf 77' lang='lat' dir='ltr'>observetur,</span> <span class='ocrx_word' id='word_1_186' title='bbox 765 3166 927 3338; x_wconf 54' lang='lat' dir='ltr'>llapcuoff</span> 
     </span>
     <span class='ocr_line' id='line_1_32' title="bbox 841 3285 896 3336; baseline 0.018 -1"><span class='ocrx_word' id='word_1_187' title='bbox 841 3285 896 3336; x_wconf 58' lang='lat' dir='ltr'>sm</span> 
     </span>
    </p>
   </div>
   <div class='ocr_carea' id='block_1_5' title="bbox 0 0 1114 3622">
    <p class='ocr_par' dir='ltr' id='par_1_5' title="bbox 0 0 1114 3622">
     <span class='ocr_line' id='line_1_33' title="bbox 0 0 1114 3622; baseline 0 0"><span class='ocrx_word' id='word_1_188' title='bbox 0 0 1114 3622; x_wconf 95' lang='lat' dir='ltr'> </span> 
     </span>
    </p>
   </div>
  </div>
 </body>
</html>
