2190 3622
161 127 819 225 Parnuancuaaum'dourrasnus.
880 142 940 237 ⁸6,-

65 276 314 375 redadiumque
330 267 637 359 ad'aiiodenatios
653 272 794 345 tranum
810 273 934 367 fuiffa,

64 378 263 476 colligimus
284 398 326 445 ex
344 372 457 445 citato
474 373 654 443 Rationum
676 372 840 464 Codice,
868 372 941 463 ubis¹

64 477 134 553 hac
154 477 347 549 habentur:
376 477 400 515 “
421 470 678 545 MCCC.LXI.
691 471 927 547 coneeffafuit

62 629 89 669 „
112 575 262 666 cufim&
273 567 520 671 Magisterium
534 573 694 645 Monetae
711 571 939 672 Aquilegen.
982 586 985 591 ⁴

62 728 86 769 ‚‚
114 676 156 749 sn
174 668 588 768 FranciseoBonaquissi
605 670 646 744 de
671 670 878 762 Florentia,
906 697 926 746 a
992 717 999 727 -

61 828 86 869 ‚‚
113 775 171 849 die
189 769 349 843 omnium
369 768 582 855 Studiorum
605 771 772 864 adunam
793 795 926 857 annum

61 926 87 966 ‚‚
114 871 322 945 immediate
349 869 586 968 sequentem,
621 867 738 966 pretio
763 869 931 965 quadrin-

60 1023 86 1064 „
112 994 300 1070 gentorum
321 965 466 1055 March.
485 965 712 1041 denariorum
739 966 926 1049 solvendo·

60 1123 86 1163 ‚,
114 1097 192 1145 rum
213 1072 249 1145 in
268 1091 421 1170 quatuor
440 1066 623 1159 terminis,
651 1065 783 1142 scilicet
803 1065 844 1140 de
865 1064 928 1140 trit

63 1220 88 1262 „
115 1171 176 1245 bur
203 1171 240 1247 in
259 1193 329 1246 tres
348 1165 492 1243 Menses
520 1185 584 1268 pro
612 1191 716 1243 rata:
746 1191 826 1240 eum
856 1164 925 1241 boe

62 1321 87 1361 „
113 1295 254 1362 tamen,
281 1267 667 1370 quodsrpluscuderee‚
695 1266 922 1366 tantumpius

59 1421 85 1460 „
113 1370 215 1445 debet
233 1371 398 1459 solvere,
426 1368 467 1442 ad
488 1370 665 1443 rationem
692 1367 759 1441 aiio
776 1369 924 1439 denario·

56 1515 82 1558 „
106 1497 178 1543 tum
196 1476 263 1572 pro
286 1468 460 1545 Marcho.
489 1520 513 1560 ,‚
539 1473 693 1545 Lucrum
712 1466 937 1545 Patriarchae'

57 1566 128 1642 ltaec
145 1571 363 1666 patefaciunt
380 1569 507 1642 verba.

106 1666 216 1758 Quod
245 1691 330 1740 vero
357 1664 584 1735 Monetarius
611 1668 845 1764 reportabat,
880 1692 927 1742 ert

56 1765 216 1865 pluribus
233 1765 416 1838 oriebatur
432 1760 605 1858 capitibus
624 1818 632 1835 .
660 1770 717 1837 Ac
735 1766 852 1863 primo
879 1766 934 1836 li·.

55 1864 156 1941 cebat
174 1863 258 1963 ipa,
284 1858 820 1955 denarioscudereexmateria,
846 1889 922 1964 quae

56 1993 123 2066 pro
140 1965 295 2067 qualibet
318 1960 425 2038 unciae
444 1959 639 2061 quadrante
659 1963 821 2040 redderet
841 1990 920 2064 gra·

56 2091 102 2138 na
118 2068 251 2162 argenti
261 2064 327 2151 suti
343 2064 506 2158 nonginta
523 2088 596 2135 aum
613 2066 772 2138 dimidio:
793 2087 921 2150 tamet-
1003 2069 1007 2078 ’

54 2162 79 2236 sr
98 2163 187 2239 inita
206 2161 525 2254 conventioforet,
555 2166 921 2262 utprnquarteriored-

50 2262 219 2363 derentut
243 2269 286 2341 de
310 2284 445 2373 argento
468 2263 539 2349 fina
561 2293 671 2360 grana
693 2275 747 2340 82.
765 2266 807 2338 (J
823 2269 921 2338 dimi-

54 2363 164 2435 dium.
191 2365 269 2459 Ipsa
287 2385 394 2452 nota,
419 2365 476 2433 vel
504 2364 631 2456 gradus
659 2368 819 2463 argenti,
846 2395 922 2451 ma-⁴

55 2459 108 2561 gis
127 2459 313 2560 minusque
333 2459 432 2558 puri,
459 2461 521 2556 qui
548 2457 585 2533 in
604 2461 919 2558 officinaAquile-

49 2559 139 2659 -jenfi
159 2584 224 2659 pro
243 2558 353 2658 gradu
370 2560 501 2656 argenti
517 2556 587 2643 fini
611 2561 821 2636 constitutus
846 2559 933 2636 fue··
1022 2619 1025 2622 -

51 2685 134 2754 rat,
162 2664 298 2735 luctum
318 2657 531 2743 Monetatio
549 2686 671 2759 parere
690 2683 846 2759 poterat.
873 2663 922 2739 Id

54 2763 173 2837 etiam
200 2758 413 2837 obveniebat
441 2783 483 2833 ex
509 2764 645 2860 pretio,
669 2765 764 2861 quod
782 2764 818 2841 in
834 2789 922 2839 em·
1010 2806 1016 2817 ,

54 2864 181 2962 ptione
206 2864 334 2962 argenti
347 2863 456 2933 Veneti
468 2858 674 2938 solvendum
693 2887 795 2957 erat,
820 2890 920 2941 com·

55 2962 232 3062 pensando
257 2959 539 3064 Aquilejenfibus
565 2961 736 3056 denariis,
763 2966 922 3068 qui'par·
991 2974 1003 2983 ““

56 3064 418 3160 urinaquataatdecim
446 3063 570 3167 finguli
598 3065 763 3140 valebant
779 3108 795 3140 .›
812 3070 919 3148 Unde

57 3159 192 3242 lucrum
221 3165 362 3257 demum
388 3161 569 3272 oriebatur
587 3190 631 3246 ert
649 3168 790 3272 valore,
814 3192 923 3269 quem

135 3288 140 3295 ·
812 3291 875 3343 ex-
